@online{nier_2017, title={Infografik: Internet of Things wird beliebter}, url={https://de.statista.com/infografik/11418/internet-of-things-wird-beliebter/}, journal={Statista Infografiken}, publisher={Deloitte}, author={Nier, Hedda}, year={2017}, month={Oct},Urldate = {2019-04-18},}
